@article{pymoo,
  author  = {Blank, J. and Deb, K.},
  title   = {{pymoo}: Multi-Objective Optimization in {Python}},
  year    = {2020},
  journal = {IEEE Access},
  volume  = {8},
  number  = {},
  pages   = {89497-89509},
  url     = {http://github.com/anyoptimization/pymoo}
}

@article{modir,
  author  = {Campana, E. F. and Diez, M. and Liuzzi, G. and Lucidi, S. and
             Pellegrini, R. and Piccialli, V. and Rinaldi, F. and Serani, A.},
  title   = {A multi-objective {DIRECT} algorithm for ship hull optimization},
  year    = {2018},
  journal = {Computational Optimization and Applications},
  volume  = {71},
  number  = {1},
  pages   = {53--72},
  url     = {http://www.iasi.cnr.it/~liuzzi/DFL/index.php/home}
}

@article{vtmop,
  author  = {Chang, T. H. and Watson, L. T. and Larson, J. and Neveu, N. and
             Thacker, W. I. and Deshpande, S. and Lux, T. C. H.},
  title   = {{Algorithm XXXX}: {VTMOP}: Solver for Blackbox Multiobjective
             Optimization Problems},
  year    = {2022},
  journal = {{ACM} Transactions on Mathematical Software},
  volume  = {},
  number  = {},
  pages   = {},
  note    = {To appear},
  url     = {https://github.com/Libensemble/libe-community-examples/tree/main/vtmop}
}

@article{pymoso,
  author  = {Cooper, K. and Hunter, S. R.},
  title   = {{PyMOSO}: Software for Multi-Objective Simulation Optimization
             with {R-PERLE} and {R-MinRLE}},
  year    = {2020},
  journal = {INFORMS Journal on Computing},
  volume  = {32},
  number  = {4},
  pages   = {1101-1108},
  url     = {http://github.com/pymoso/PyMOSO}
}

@article{dragonfly,
  author  = {Kandasamy, K. and Vysyaraju, K. R. and Neiswanger, W. and
             Paria, B. and Collins, C. R. and Schneider, J. and Poczos, B. and
             Xing, E. P.},
  title   = {Tuning Hyperparameters without Grad Students: Scalable and Robust
             {Bayesian} Optimisation with {Dragonfly}},
  year    = {2020},
  journal = {Journal of Machine Learning Research},
  volume  = {21},
  number  = {81},
  pages   = {1-27},
  url     = {http://github.com/dragonfly/dragonfly}
}

@article{nomad3,
  author  = {{Le~Digabel}, S.},
  title   = {Algorithm 909: {NOMAD}:
             Nonlinear Optimization with the {MADS} algorithm},
  year    = {2011},
  journal = {{ACM} Transactions on Mathematical Software},
  volume  = {37},
  number  = {4},
  pages   = {1--15},
  url     = {http://github.com/bbopt/nomad}
}

@article{edbo,
  author  = {Shields, B. J. and Stevens, J. and Li, J. and Parasram, M. and
             Damani, F. and Alvarado, J. I. M. and Janey, J. M. and
             Adams, R. P. and Doyle, A. G.},
  title   = {Bayesian reaction optimization as a tool for chemical synthesis},
  year    = {2021},
  journal = {Nature},
  volume  = {590},
  number  = {7844},
  pages   = {89--96},
  url     = {http://github.com/b-shields/edbo}
}

@misc{boostdfo,
  author  = {Tavares, S. and Br{\'a}s, C. P. and Cust{\'o}dio, A. L. and
             Duarte, V. and Medeiros, P.},
  title   = {Parallel strategies for Direct Multisearch},
  year    = {2021},
  journal = {arXiv preprint arXiv:2105.03000},
  url     = {https://docentes.fct.unl.pt/algb/pages/boostdfo}
}

@article{libensemble,
  author  = {Hudson, S. and Larson, J. and Navarro, J.-L. and Wild, S.},
  title   = {{libEnsemble}: A Library to Coordinate the Concurrent
             Evaluation of Dynamic Ensembles of Calculations},
  year    = {2022},
  journal = {{IEEE} Transactions on Parallel and Distributed Systems},
  volume  = {33},
  number  = {4},
  pages   = {977--988},
  url     = {https://github.com/Libensemble/libensemble}
}
